@ARTICLE{J1,
	AUTHOR = {Neil P. Dasgupta and Jianwei Sun and Chong Liu and Sarah Brittman and Sean C. Andrews and Jongwoo Lim and Hanwei Gao and Ruoxue Yan and Peidong Yang},
	TITLE = {25th Anniversary Article: Semiconductor Nanowires â€“ Synthesis, Characterization, and Applications },
	JOURNAL = {ADVANCED MATERIALS},
        VOLUME = {26},
        NUMBER = {14},
        PAGES = {2137-2184},
	MONTH = {Apr.},
	YEAR = {2014},
        }
@INPROCEEDINGS{J2,
	AUTHOR = {Yi Cui and Qingqiao Wei and Hongkun Park and Charles M. Lieber},
	TITLE = {Nanowire Nanosensors for Highly Sensitive and Selective Detection of Biological and Chemical Species},
	JOURNAL = {SCIENCE},
        VOLUME = {293},
        NUMBER = {5533},
        PAGES = {1289-1292},
	MONTH = {Aug.},
	YEAR = {2001},
	}

@INPROCEEDINGS{C3,
	AUTHOR = {Yi Cui and Qingqiao Wei and Hongkun Park and Charles M. Lieber},
	TITLE = {Nanowire Nanosensors for Highly Sensitive and Selective
				Detection of Biological and Chemical Species},
	BOOKTITLE = {Proc. IEEE VLSI Test Symposium (VTS)},
	PAGES = {313-318},
	ADDRESS = {Napa Valley},
	MONTH = apr,
	YEAR = {2004},
	}