

@INPROCEEDINGS{C5,
	author={A. Bonanno and V. Cauda and M. Crepaldi and P. M. Ros and M. Morello and D. Demarchi and P. Civera},
	booktitle={Advances in Sensors and Interfaces (IWASI), 2013 5th IEEE International Workshop on},
	title={A Low-Power Read-Out Circuit and Low-Cost assembly of nanosensors onto a 0.13um Cmos micro-for-nano chip},
	month={June},
	year={2013},
	pages={125-130},
	}
@ARTICLE{J6,
	author={N. Nikkhoo and P. G. Gulak and K. Maxwell},
	journal={IEEE Transactions on Biomedical Circuits and Systems},
	title={Rapid Detection of E. coli Bacteria Using Potassium-Sensitive FETs in CMOS},
	month={Oct},
	year={2013},
	volume={7},
	number={5},
	pages={621-630},
	}


@ARTICLE{J7,
	author={Lin CH and Hung CH and Hsiao CY and Lin HC and Ko FH and Yang YS},
	journal={BIOSENSORS \& BIOELECTRONICS},
	title={Poly-silicon nanowire field-effect transistor for ultrasensitive and label-free detection of pathogenic avian influenza DNA},
	month={JUN},
	year={2009},
	volume={24},
	number={10},
	pages={3019-3024},
	}

